Account Name       :                	Ms. SUSHMITA  DEY SUKLABAIDYA
Address            :	DISHANT APRTMENT FLAT C 2ND FLOOR
                                    	KAMAKHYA NAGAR
                                    	ADABARI TINIALI GUW 781012-781012
                                    	Kamrup
Date               :                	29 Oct 2021
Account Number     :	_00000010085785927
Account Description:	REGULAR SB CHQ-INDIVIDUALS
Branch             :	NARENGI
Drawing Power      :	0.00
Interest Rate(% p.a.):	2.7
MOD Balance      :	2,00,000.00
CIF No.          :	_80067333708
IFS (Indian Financial System) Code         :	SBIN0002093
MICR (Magnetic Ink Character Recognition)  Code        :	_781002014
Nomination Registered    :	No 
Balance on 1 Apr 2020        :	1,48,663.61
Start Date          :	1 Apr 2020
End Date            :	31 Mar 2021
Txn Date	Value Date	Description	Ref No./Cheque No.	        Debit	Credit	Balance	
3 Apr 2020	3 Apr 2020	   BULK POSTING-FROM DPSK--		 	37,473.00	1,86,136.61
8 Apr 2020	8 Apr 2020	   ATM WDL-ATM CASH 6902  CDA 2ND ATM, NARANGI, GUWAHATI--		3,000.00	 	1,83,136.61
15 Apr 2020	15 Apr 2020	   WITHDRAWAL TRANSFER---	TRANSFER TO 36925926138                           	4,800.00	 	1,78,336.61
24 Apr 2020	24 Apr 2020	   TO TRANSFER-INB IMPS/P2A/011518931396/XXXXXXX480HDFC--	IMPS00119135946MOACRAJIY8               TRANSFER T	30,000.00	 	1,48,336.61
7 May 2020	7 May 2020	   BULK POSTING-FROM DPS--		 	37,473.00	1,85,809.61
15 May 2020	15 May 2020	   WITHDRAWAL TRANSFER---	TRANSFER TO 36925926138                           	4,800.00	 	1,81,009.61
21 May 2020	21 May 2020	   TO TRANSFER-INB BHARTI AIRTEL--	052005068541933IGAIQMWUY8               TRANSFER T	350.00	 	1,80,659.61
25 May 2020	25 May 2020	   TO TRANSFER-INB IMPS/P2A/014613918984/XXXXXXX480HDFC--	IMPS00121696659MOACTNBZG2               TRANSFER T	27,500.00	 	1,53,159.61
4 Jun 2020	4 Jun 2020	   BULK POSTING-FROM DPSK--		 	37,473.00	1,90,632.61
15 Jun 2020	15 Jun 2020	   WITHDRAWAL TRANSFER---	TRANSFER TO 36925926138                           	4,800.00	 	1,85,832.61
17 Jun 2020	17 Jun 2020	   TO TRANSFER-INB NEFT UTR NO: SBIN120169338685--Sushmita Dey	NEFT INB: IRM4006398                               / Sushmita Dey	31,000.00	 	1,54,832.61
22 Jun 2020	22 Jun 2020	   BULK POSTING-CR_PETROL DISCOUNT AS002958 16-01-2020 16012020--		 	17.26	1,54,849.87
23 Jun 2020	23 Jun 2020	   TO TRANSFER-INB Life Insurance Corporatio LIC_Ref--	SSBI8926048928IGAIVLOHO2               TRANSFER TO	3,852.00	 	1,50,997.87
25 Jun 2020	25 Jun 2020	   CREDIT INTEREST---		 	1,195.00	1,52,192.87
30 Jun 2020	30 Jun 2020	   TO TRANSFER-INB NEFT UTR NO: SBIN520182119861--Sushmita Dey	NEFT INB: IRM4921717                               / Sushmita Dey	25,000.00	 	1,27,192.87
14 Jul 2020	14 Jul 2020	   TO TRANSFER-INB IMPS/P2A/019621735655/XXXXXXX480HDFC--	IMPS00126940758MOACYLPUC2               TRANSFER T	5,000.00	 	1,22,192.87
15 Jul 2020	15 Jul 2020	   WITHDRAWAL TRANSFER---	TRANSFER TO 36925926138                           	4,800.00	 	1,17,392.87
16 Jul 2020	16 Jul 2020	   BULK POSTING---		 	37,473.00	1,54,865.87
27 Jul 2020	27 Jul 2020	   TO TRANSFER-INB NEFT UTR NO: SBIN420209072332--Sushmita Dey	NEFT INB: IRM7522396                               / Sushmita Dey	29,000.00	 	1,25,865.87
10 Aug 2020	10 Aug 2020	   ATM WDL-ATM CASH 6205  CDA 2ND ATM, NARANGI, GUWAHATI--		1,000.00	 	1,24,865.87
15 Aug 2020	15 Aug 2020	   WITHDRAWAL TRANSFER---	TRANSFER TO 36925926138                           	4,800.00	 	1,20,065.87
24 Aug 2020	24 Aug 2020	   BULK POSTING---		 	37,473.00	1,57,538.87
29 Aug 2020	29 Aug 2020	   TO TRANSFER-INB NEFT UTR NO: SBIN220242254369--Sushmita Dey	NEFT INB: IRN0828047                               / Sushmita Dey	29,000.00	 	1,28,538.87
15 Sep 2020	15 Sep 2020	   WITHDRAWAL TRANSFER---	TRANSFER TO 36925926138                           	4,800.00	 	1,23,738.87
20 Sep 2020	20 Sep 2020	   by debit card-SBIPG SU9242640237AMAZON                MUMBAI--		1,217.00	 	1,22,521.87
21 Sep 2020	21 Sep 2020	   BULK POSTING---		 	37,473.00	1,59,994.87
25 Sep 2020	25 Sep 2020	   CREDIT INTEREST---		 	908.00	1,60,902.87
26 Sep 2020	26 Sep 2020	   TO TRANSFER-INB IMPS/P2A/027022595446/XXXXXXX480HDFC--	IMPS00135295815MOADGXHST9               TRANSFER T	19,000.00	 	1,41,902.87
6 Oct 2020	6 Oct 2020	   by debit card-SBIPG SU9299093673AMAZON                MUMBAI--		1,668.00	 	1,40,234.87
15 Oct 2020	15 Oct 2020	   WITHDRAWAL TRANSFER---	TRANSFER TO 36925926138                           	4,800.00	 	1,35,434.87
27 Oct 2020	27 Oct 2020	   TO TRANSFER-INB Bharti Airtel Limited--	11462305977IGAJSAPLA0               TRANSFER TO 45	294.00	 	1,35,140.87
28 Oct 2020	28 Oct 2020	   BULK POSTING---		 	26,823.00	1,61,963.87
29 Oct 2020	29 Oct 2020	   ATM WDL-ATM CASH 3070  CDA NARANGI           GUWAHATI--		1,000.00	 	1,60,963.87
9 Nov 2020	9 Nov 2020	   TO TRANSFER-INB IMPS/P2A/031407566712/XXXXXXX480HDFC--	IMPS00140305975MOADMNZXH8               TRANSFER T	19,000.00	 	1,41,963.87
11 Nov 2020	11 Nov 2020	   BULK POSTING---		 	26,823.00	1,68,786.87
15 Nov 2020	15 Nov 2020	   WITHDRAWAL TRANSFER---	TRANSFER TO 36925926138                           	4,800.00	 	1,63,986.87
24 Nov 2020	24 Nov 2020	   by debit card-SBIPOS002917936365STATION CANTEEN  NAREN KAMRUP--		3,199.00	 	1,60,787.87
27 Nov 2020	27 Nov 2020	   TO TRANSFER-INB BSNL                      BSNL_RECHARGE Paymen--	VSBI9498367728IGAJXSAZS9               TRANSFER TO	198.00	 	1,60,589.87
27 Nov 2020	27 Nov 2020	   TO TRANSFER-INB Bharti Airtel Ltd--	109023510346IGAJXSAWW9               TRANSFER TO 4	294.00	 	1,60,295.87
7 Dec 2020	7 Dec 2020	   TO TRANSFER-INB IMPS/P2A/034122796703/XXXXXXX480HDFC--	IMPS00143673896MOADQCLSG2               TRANSFER T	19,000.00	 	1,41,295.87
11 Dec 2020	11 Dec 2020	   BULK POSTING-FROM DPS KHANAPARA--		 	26,823.00	1,68,118.87
15 Dec 2020	15 Dec 2020	   WITHDRAWAL TRANSFER---	TRANSFER TO 36925926138                           	4,800.00	 	1,63,318.87
18 Dec 2020	18 Dec 2020	   TO TRANSFER-INB IMPS/P2A/035321697843/XXXXXXX480HDFC--	IMPS00145198048MOADRQVVR2               TRANSFER T	5,000.00	 	1,58,318.87
20 Dec 2020	20 Dec 2020	   ATM WDL-ATM CASH 03551 MALIGAON BR            KAMRUP--		9,500.00	 	1,48,818.87
20 Dec 2020	20 Dec 2020	   TO TRANSFER-INB IMPS/P2A/035521603614/XXXXXXX480HDFC--	IMPS00145377622MOADRWCVK8               TRANSFER T	5,000.00	 	1,43,818.87
22 Dec 2020	22 Dec 2020	   by debit card-SBIPOS002993244028AIRPLAZA RETAIL HOLDINGGUWAHATI--		839.00	 	1,42,979.87
23 Dec 2020	23 Dec 2020	   ATM WDL-ATM CASH 03581 YBL BELTOLA BRANCH     BELTOLA--		1,000.00	 	1,41,979.87
25 Dec 2020	25 Dec 2020	   CREDIT INTEREST---		 	1,018.00	1,42,997.87
29 Dec 2020	29 Dec 2020	   CASH DEPOSIT-CASH DEPOSIT SELF--		 	39,000.00	1,81,997.87
9 Jan 2021	9 Jan 2021	   TO TRANSFER-INB IMPS/P2A/100910804883/XXXXXXX480HDFC--	IMPS00147742245MOADUJPSS1               TRANSFER T	39,000.00	 	1,42,997.87
10 Jan 2021	10 Jan 2021	   TO TRANSFER-INB WHITEHAT EDUCATION TECHNO--	12028020611IGAKFVGVZ1               TRANSFER TO 45	5,000.00	 	1,37,997.87
11 Jan 2021	11 Jan 2021	   BULK POSTING---		 	26,823.00	1,64,820.87
11 Jan 2021	11 Jan 2021	   DEBIT-TO DPS KHANAPARA SOCIETY--		200.00	 	1,64,620.87
14 Jan 2021	14 Jan 2021	   by debit card-OTHPOS101420366350VALUE AND VARIETY     GUWAHATI--		500.01	 	1,64,120.86
15 Jan 2021	15 Jan 2021	   WITHDRAWAL TRANSFER---	TRANSFER TO 36925926138                           	4,800.00	 	1,59,320.86
16 Jan 2021	16 Jan 2021	   by debit card-OTHPOS101612530912DECATHLON SPORTS .    GUWAHATI--		10,610.00	 	1,48,710.86
20 Jan 2021	20 Jan 2021	   by debit card-OTHPOS102018903550Manik Chand Jewels IndGUWAHATI--		20,500.00	 	1,28,210.86
6 Feb 2021	6 Feb 2021	   BULK POSTING-ACHCr NACH00000000026119 CENTRAL BOARD--		 	2,000.00	1,30,210.86
8 Feb 2021	8 Feb 2021	   BULK POSTING---		 	26,823.00	1,57,033.86
15 Feb 2021	15 Feb 2021	   WITHDRAWAL TRANSFER---	TRANSFER TO 36925926138                           	4,800.00	 	1,52,233.86
16 Feb 2021	16 Feb 2021	   TO TRANSFER-INB IMPS/P2A/104700922953/XXXXXXX480HDFC--	IMPS00152225962MOADZKFTS2               TRANSFER T	19,000.00	 	1,33,233.86
16 Feb 2021	16 Feb 2021	   ATM WDL-ATM CASH 838   KAMAKHYA GATE         GUWAHATI--		20,000.00	 	1,13,233.86
20 Feb 2021	20 Feb 2021	   DEBIT-ATMCard AMC  607431*5982 CLASSIC--		147.50	 	1,13,086.36
22 Feb 2021	22 Feb 2021	   by debit card-OTHPOS105318923756KOROUHANBA COLLECTION GUWAHATI--		8,000.00	 	1,05,086.36
27 Feb 2021	27 Feb 2021	   by debit card-OTHPOS105819159963KFC 300 SUNCITY  ADABAGUWAHATI--		1,233.00	 	1,03,853.36
2 Mar 2021	2 Mar 2021	   by debit card-OTHPOS106115851507PANTALOONS            GUWAHATI--		1,203.00	 	1,02,650.36
2 Mar 2021	2 Mar 2021	   BULK POSTING---		 	37,473.00	1,40,123.36
5 Mar 2021	5 Mar 2021	   TO TRANSFER-INB IMPS/P2A/106421975277/XXXXXXX480HDFC--	IMPS00154607550MOAEBWZDS3               TRANSFER T	23,000.00	 	1,17,123.36
15 Mar 2021	15 Mar 2021	   WITHDRAWAL TRANSFER---	TRANSFER TO 36925926138                           	4,800.00	 	1,12,323.36
25 Mar 2021	25 Mar 2021	   CREDIT INTEREST---		 	899.00	1,13,222.36

**This is a computer generated statement and does not require a signature

